@article{bottou1992local,
  title={Local learning algorithms},
  author={Bottou, L{\'e}on and Vapnik, Vladimir},
  journal={Neural Computation},
  volume={4},
  number={6},
  pages={888--900},
  year={1992},
  publisher={MIT Press}
}
